<?xml version="1.0" encoding="UTF-8"?><collection xmlns="http://www.loc.gov/MARC21/slim"><record><leader>00589nam--2200193-i-4500</leader><controlfield tag="001">000027403</controlfield><controlfield tag="002">20161230</controlfield><controlfield tag="005">20161230201036</controlfield><controlfield tag="008">060222s1000------------r-----000-0-eng-d</controlfield><datafield ind1=" " ind2=" " tag="040"><subfield code="a">IFIN-HH</subfield></datafield><datafield ind1=" " ind2=" " tag="080"><subfield code="a">621.47</subfield></datafield><datafield ind1="1" ind2=" " tag="100"><subfield code="a">Zarem, A.M</subfield></datafield><datafield ind1="1" ind2="0" tag="245"><subfield code="a">Introduction to the utilization of solar energy</subfield><subfield code="c">A.m. zarem, duane d. erway (eds.)</subfield></datafield><datafield ind1=" " ind2=" " tag="260"><subfield code="a">New York</subfield><subfield code="b">Mcgraw-hill Book Co., Inc</subfield><subfield code="c">1963</subfield></datafield><datafield ind1=" " ind2=" " tag="300"><subfield code="a">XI + 398P</subfield></datafield><datafield ind1=" " ind2=" " tag="490"><subfield code="a">University Of California Engineering And Sciences Extension Series</subfield></datafield><datafield ind1="1" ind2=" " tag="700"><subfield code="a">Erway, Duane D</subfield><subfield code="e">Ed</subfield></datafield><datafield ind1=" " ind2=" " tag="852"><subfield code="a">18922</subfield><subfield code="c">523</subfield></datafield><datafield ind1=" " ind2=" " tag="CAT"><subfield code="a">Sys</subfield><subfield code="c">20130828</subfield><subfield code="h">145225</subfield></datafield></record></collection>